% This file was created with JabRef 2.8.1.
% Encoding: Cp1252

@BOOK{bentley:1999,
  title = {{P}rogramming {P}earls},
  publisher = {Addison--Wesley},
  year = {1999},
  author = {Jon Bentley},
  address = {Boston, MA, USA},
  edition = {2nd}
}

@BOOK{bringhurst:2002,
  title = {{T}he {E}lements of {T}ypographic {S}tyle},
  publisher = {Hartley \& Marks Publishers},
  year = {2013},
  author = {Robert Bringhurst},
  series = {Version 4.0: 20th Anniversary Edition},
  address = {Point Roberts, WA, USA}
}

@BOOK{cormen:2001,
  title = {{I}ntroduction to {A}lgorithms},
  publisher = {The MIT Press},
  year = {2009},
  author = {Cormen, Thomas H. and Leiserson, Charles E. and Rivest, Ronald L.
	and Clifford Stein},
  address = {Cambridge, MA, USA},
  edition = {3rd}
}

@BOOK{dueck:trio,
  title = {{D}ueck's {T}rilogie: {O}mnisophie -- {S}upramanie -- {T}opothesie},
  publisher = {Springer, Berlin, Germany},
  year = {2005},
  author = {Gunter Dueck},
  note = {\url{http://www.omnisophie.com}}
}

@ARTICLE{knuth:1976,
  author = {Knuth, Donald E.},
  title = {{B}ig {O}micron and {B}ig {O}mega and {B}ig {T}heta},
  journal = {SIGACT News},
  year = {1976},
  volume = {8},
  pages = {18--24},
  number = {2},
  address = {New York, NY, USA},
  publisher = {ACM Press}
}

@ARTICLE{knuth:1974,
  author = {Knuth, Donald E.},
  title = {{C}omputer {P}rogramming as an {A}rt},
  journal = {Communications of the ACM},
  year = {1974},
  volume = {17},
  pages = {667--673},
  number = {12},
  address = {New York, NY, USA},
  publisher = {ACM Press}
}

@BOOK{sommerville:1992,
  title = {{S}oftware {E}ngineering},
  publisher = {Addison-Wesley},
  year = {2015},
  author = {Ian Sommerville},
  address = {Boston, MA, USA},
  edition = {10th}
}

@BOOK{taleb:2012,
  title = {{A}ntifragile: {T}hings {T}hat {G}ain from {D}isorder ({I}ncerto
	{B}ook 3)},
  publisher = {Random House},
  year = {2012},
  author = {Nassim Nicholas Taleb},
  address = {New York, NY, USA}
}

@book{Aho:72,
	author  = {Alfred V. Aho and Jeffrey D. Ullman},
	title   = {The Theory of Parsing, Translation and Compiling},
	year    = "1972",
	volume  = "1",
	publisher = {Prentice-Hall},
	address = {Englewood Cliffs, NJ}
}


@book{APA:83,
	author  = {{American Psychological Association}},
	title   = {Publications Manual},
	year    = "1983",
	publisher = {American Psychological Association},
	address = {Washington, DC}
}

@incollection{ACM:83,
	author = {Association for Computing Machinery},
	year = "1983",
	booktitle = {Computing Reviews},
	volume = "24",
	number = "11",
	pages = "503--512"
}

@article{Chandra:81,
	author = {Ashok K. Chandra and Dexter C. Kozen and Larry J. Stockmeyer},
	year = "1981",
	title = {Alternation},
	journal = {Journal of the Association for Computing Machinery},
	volume = "28",
	number = "1",
	pages = "114--133"
}


@book{Gusfield:97,
	author  = {Dan Gusfield},
	title   = {Algorithms on Strings, Trees and Sequences},
	year    = "1997",
	publisher = {Cambridge University Press},
	address = {Cambridge, UK}
}

@inproceedings{Cantador,
	author = {Cantador, Iv\'{a}n and Bellog\'{\i}n, Alejandro and Vallet, David},
	title = {Content-based Recommendation in Social Tagging Systems},
	booktitle = {Proceedings of the Fourth ACM Conference on Recommender Systems},
	series = {RecSys '10},
	year = {2010},
	isbn = {978-1-60558-906-0},
	location = {Barcelona, Spain},
	pages = {237--240},
	numpages = {4},
	url = {http://doi.acm.org/10.1145/1864708.1864756},
	doi = {10.1145/1864708.1864756},
	acmid = {1864756},
	publisher = {ACM},
	address = {New York, NY, USA},
	keywords = {folksonomy, personalization, recommender systems, social tagging},
} 

@article{Kwon,
	title={Friend Recommendation Method using Physical and Social Context},
	author={Kwon, Joonhee and Kim, Sungrim},
	year={2010},
	publisher={Citeseer}
}

@ARTICLE{nextgen, 
	author={G. Adomavicius and A. Tuzhilin}, 
	journal={IEEE Transactions on Knowledge and Data Engineering}, 
	title={Toward the next generation of recommender systems: a survey of the state-of-the-art and possible extensions}, 
	year={2005}, 
	volume={17}, 
	number={6}, 
	pages={734-749}, 
	keywords={content-based retrieval;information filtering;collaborative filtering;content-based approach;contextual information;multicriteria rating estimation methods;recommender systems;Books;Business;Cognitive science;Collaboration;Collaborative work;Context modeling;Filtering;Hybrid power systems;Motion pictures;Recommender systems;Index Terms- Recommender systems;collaborative filtering;extensions to recommender systems.;rating estimation methods}, 
	doi={10.1109/TKDE.2005.99}, 
	ISSN={1041-4347}, 
	month={June},}

@Inbook{Suchal,
	author="Suchal, J{\'a}n
	and N{\'a}vrat, Pavol",
	editor="Bramer, Max",
	title="Full Text Search Engine as Scalable k-Nearest Neighbor Recommendation System",
	bookTitle="Artificial Intelligence in Theory and Practice III: Third IFIP TC 12 International Conference on Artificial Intelligence, IFIP AI 2010, Held as Part of WCC 2010, Brisbane, Australia, September 20-23, 2010. Proceedings",
	year="2010",
	publisher="Springer Berlin Heidelberg",
	address="Berlin, Heidelberg",
	pages="165--173",
	isbn="978-3-642-15286-3",
	doi="10.1007/978-3-642-15286-3_16",
	url="http://dx.doi.org/10.1007/978-3-642-15286-3_16"
}

@inproceedings{course,
	title={Course Recommendation by Improving BM25 to Identity Students' Different Levels of Interests in Courses},
	author={Wang, Xin and Yuan, Fang},
	booktitle={New Trends in Information and Service Science, 2009. NISS'09. International Conference on},
	pages={1372--1377},
	year={2009},
	organization={IEEE}
}

@ARTICLE{twitter,
	author = {{Nishioka}, C. and {Scherp}, A.},
	title = "{Profiling vs. Time vs. Content: What does Matter for Top-k Publication Recommendation based on Twitter Profiles? - An Extended Technical Report}",
	journal = {ArXiv e-prints},
	archivePrefix = "arXiv",
	eprint = {1603.07016},
	primaryClass = "cs.DL",
	keywords = {Computer Science - Digital Libraries, Computer Science - Information Retrieval},
	year = 2016,
	month = mar,
	adsurl = {http://adsabs.harvard.edu/abs/2016arXiv160307016N},
	adsnote = {Provided by the SAO/NASA Astrophysics Data System}
}

@inproceedings{Bellogin,
	author = {Bellog\'{\i}n, Alejandro and Cantador, Iv\'{a}n and Castells, Pablo},
	title = {A Study of Heterogeneity in Recommendations for a Social Music Service},
	booktitle = {Proceedings of the 1st International Workshop on Information Heterogeneity and Fusion in Recommender Systems},
	series = {HetRec '10},
	year = {2010},
	isbn = {978-1-4503-0407-8},
	location = {Barcelona, Spain},
	pages = {1--8},
	numpages = {8},
	url = {http://doi.acm.org/10.1145/1869446.1869447},
	doi = {10.1145/1869446.1869447},
	acmid = {1869447},
	publisher = {ACM},
	address = {New York, NY, USA},
	keywords = {collaborative tagging, folksonomy, implicit ratings, information heterogeneity, recommender systems, social contacts, web 2.0},
} 

@article{Esparza,
	title = "Mining the real-time web: A novel approach to product recommendation ",
	journal = "Knowledge-Based Systems ",
	volume = "29",
	number = "",
	pages = "3 - 11",
	year = "2012",
	note = "Artificial Intelligence 2010 ",
	issn = "0950-7051",
	doi = "http://dx.doi.org/10.1016/j.knosys.2011.07.007",
	url = "http://www.sciencedirect.com/science/article/pii/S095070511100147X",
	author = "Sandra Garcia Esparza and Michael P. Oâ€™Mahony and Barry Smyth",
	keywords = "Real-time web",
	keywords = "User-generated content",
	keywords = "Micro-blogging",
	keywords = "Recommender systems",
	keywords = "Information retrieval "
}

@inproceedings{Totti,
	author = {Totti, Luam C. and Mitra, Prasenjit and Ouzzani, Mourad and Zaki, Mohammed J.},
	title = {A Query-oriented Approach for Relevance in Citation Networks},
	booktitle = {Proceedings of the 25th International Conference Companion on World Wide Web},
	series = {WWW '16 Companion},
	year = {2016},
	isbn = {978-1-4503-4144-8},
	location = {Montr\&\#233;al, Qu\&\#233;bec, Canada},
	pages = {401--406},
	numpages = {6},
	url = {http://dx.doi.org/10.1145/2872518.2890518},
	doi = {10.1145/2872518.2890518},
	acmid = {2890518},
	publisher = {International World Wide Web Conferences Steering Committee},
	address = {Republic and Canton of Geneva, Switzerland},
	keywords = {citation network analysis, paper recommendation, relevance flow},
}

@article{PL2,
	author = {Amati, Gianni and Van Rijsbergen, Cornelis Joost},
	title = {Probabilistic Models of Information Retrieval Based on Measuring the Divergence from Randomness},
	journal = {ACM Trans. Inf. Syst.},
	issue_date = {October 2002},
	volume = {20},
	number = {4},
	month = oct,
	year = {2002},
	issn = {1046-8188},
	pages = {357--389},
	numpages = {33},
	url = {http://doi.acm.org/10.1145/582415.582416},
	doi = {10.1145/582415.582416},
	acmid = {582416},
	publisher = {ACM},
	address = {New York, NY, USA},
	keywords = {Aftereffect model, BM25, Bose--Einstein statistics, Laplace, Poisson, binomial law, document length normalization, eliteness, idf, information retrieval, probabilistic models, randomness, succession law, term frequency normalization, term weighting},
} 

@article{dirich,
	author = {Zhai, Chengxiang and Lafferty, John},
	title = {A Study of Smoothing Methods for Language Models Applied to Information Retrieval},
	journal = {ACM Trans. Inf. Syst.},
	issue_date = {April 2004},
	volume = {22},
	number = {2},
	month = apr,
	year = {2004},
	issn = {1046-8188},
	pages = {179--214},
	numpages = {36},
	url = {http://doi.acm.org/10.1145/984321.984322},
	doi = {10.1145/984321.984322},
	acmid = {984322},
	publisher = {ACM},
	address = {New York, NY, USA},
	keywords = {Dirichlet prior smoothing, EM algorithm, Jelinek--Mercer smoothing, Statistical language models, TF-IDF weighting, absolute discounting smoothing, backoff smoothing, interpolation smoothing, leave-one-out, risk minimization, term weighting, two-stage smoothing},
} 

@inproceedings{bm25,
	author = {Robertson, S. E. and Walker, S.},
	title = {Some Simple Effective Approximations to the 2-Poisson Model for Probabilistic Weighted Retrieval},
	booktitle = {Proceedings of the 17th Annual International ACM SIGIR Conference on Research and Development in Information Retrieval},
	series = {SIGIR '94},
	year = {1994},
	isbn = {0-387-19889-X},
	location = {Dublin, Ireland},
	pages = {232--241},
	numpages = {10},
	url = {http://dl.acm.org/citation.cfm?id=188490.188561},
	acmid = {188561},
	publisher = {Springer-Verlag New York, Inc.},
	address = {New York, NY, USA},
} 

@inproceedings{pl,
	author = {Singhal, Amit and Buckley, Chris and Mitra, Mandar},
	title = {Pivoted Document Length Normalization},
	booktitle = {Proceedings of the 19th Annual International ACM SIGIR Conference on Research and Development in Information Retrieval},
	series = {SIGIR '96},
	year = {1996},
	isbn = {0-89791-792-8},
	location = {Zurich, Switzerland},
	pages = {21--29},
	numpages = {9},
	url = {http://doi.acm.org/10.1145/243199.243206},
	doi = {10.1145/243199.243206},
	acmid = {243206},
	publisher = {ACM},
	address = {New York, NY, USA},
} 

@article{Fang,
	author = {Fang, Hui and Tao, Tao and Zhai, Chengxiang},
	title = {Diagnostic Evaluation of Information Retrieval Models},
	journal = {ACM Trans. Inf. Syst.},
	issue_date = {April 2011},
	volume = {29},
	number = {2},
	month = apr,
	year = {2011},
	issn = {1046-8188},
	pages = {7:1--7:42},
	articleno = {7},
	numpages = {42},
	url = {http://doi.acm.org/10.1145/1961209.1961210},
	doi = {10.1145/1961209.1961210},
	acmid = {1961210},
	publisher = {ACM},
	address = {New York, NY, USA},
	keywords = {Retrieval heuristics, TF-IDF weighting, constraints, diagnostic evaluation, formal models},
} 

@article{tfidf,
	author = {Wu, Ho Chung and Luk, Robert Wing Pong and Wong, Kam Fai and Kwok, Kui Lam},
	title = {Interpreting TF-IDF Term Weights As Making Relevance Decisions},
	journal = {ACM Trans. Inf. Syst.},
	issue_date = {June 2008},
	volume = {26},
	number = {3},
	month = jun,
	year = {2008},
	issn = {1046-8188},
	pages = {13:1--13:37},
	articleno = {13},
	numpages = {37},
	url = {http://doi.acm.org/10.1145/1361684.1361686},
	doi = {10.1145/1361684.1361686},
	acmid = {1361686},
	publisher = {ACM},
	address = {New York, NY, USA},
	keywords = {Information retrieval, relevance decision, term weight},
} 

@book{Manning:2008:IIR:1394399,
	author = {Manning, Christopher D. and Raghavan, Prabhakar and Sch\"{u}tze, Hinrich},
	title = {Introduction to Information Retrieval},
	year = {2008},
	isbn = {0521865719, 9780521865715},
	publisher = {Cambridge University Press},
	address = {New York, NY, USA},
} 

@article{massung2016meta,
	title={META: A Unified Toolkit for Text Retrieval and Analysis},
	author={Massung, Sean and Geigle, Chase and Zhai, ChengXiang},
	journal={ACL 2016},
	pages={91},
	year={2016}
}

@article{mitton1985birkbeck,
	title={Birkbeck spelling error corpus},
	author={Mitton, Roger},
	journal={Retrieved 2009 from http://ota. ahds. ac. uk},
	year={1985}
}

@article{kukich1992techniques,
	title={Techniques for automatically correcting words in text},
	author={Kukich, Karen},
	journal={ACM Computing Surveys (CSUR)},
	volume={24},
	number={4},
	pages={377--439},
	year={1992},
	publisher={ACM}
}


@article{atkinson_2016, 
	title={Spell Checking Oriented Word Lists}, author={Atkinson, Kevin}, 
	year={2016}, 
	journal={GNU Aspell}} 


@book{zhai2016text,
	title={Text Data Management and Analysis: A Practical Introduction to Information Retrieval and Text Mining},
	author={Zhai, ChengXiang and Massung, Sean},
	year={2016},
	publisher={Morgan \& Claypool}
}

@article{jarvelin2007s,
	title={s-grams: Defining generalized n-grams for information retrieval},
	author={J{\"a}rvelin, Anni and J{\"a}rvelin, Antti and J{\"a}rvelin, Kalervo},
	journal={Information Processing \& Management},
	volume={43},
	number={4},
	pages={1005--1019},
	year={2007},
	publisher={Elsevier}
}

@article{birch1999new,
	title={A new generalized logistic sigmoid growth equation compared with the Richards growth equation},
	author={Birch, Colin PD},
	journal={Annals of Botany},
	volume={83},
	number={6},
	pages={713--723},
	year={1999},
	publisher={Annals Botany Co}
}

@inproceedings{harding1997probabilistic,
	title={Probabilistic retrieval of ocr degraded text using n-grams},
	author={Harding, Stephen M and Croft, W Bruce and Weir, C},
	booktitle={International Conference on Theory and Practice of Digital Libraries},
	pages={345--359},
	year={1997},
	organization={Springer}
}

@article{damashek1995gauging,
	title={Gauging similarity with n-grams: Language-independent categorization of text},
	author={Damashek, Marc},
	journal={Science},
	volume={267},
	number={5199},
	pages={843},
	year={1995},
	publisher={The American Association for the Advancement of Science}
}

@inproceedings{islam2009real,
	title={Real-word spelling correction using Google Web IT 3-grams},
	author={Islam, Aminul and Inkpen, Diana},
	booktitle={Proceedings of the 2009 Conference on Empirical Methods in Natural Language Processing: Volume 3-Volume 3},
	pages={1241--1249},
	year={2009},
	organization={Association for Computational Linguistics}
}

@inproceedings{gao2010large,
	title={A large scale ranker-based system for search query spelling correction},
	author={Gao, Jianfeng and Li, Xiaolong and Micol, Daniel and Quirk, Chris and Sun, Xu},
	booktitle={Proceedings of the 23rd International Conference on Computational Linguistics},
	pages={358--366},
	year={2010},
	organization={Association for Computational Linguistics}
}

@inproceedings{Cantador,
	author = {Cantador, Iv\'{a}n and Bellog\'{\i}n, Alejandro and Vallet, David},
	title = {Content-based Recommendation in Social Tagging Systems},
	booktitle = {Proceedings of the Fourth ACM Conference on Recommender Systems},
	series = {RecSys '10},
	year = {2010},
	isbn = {978-1-60558-906-0},
	location = {Barcelona, Spain},
	pages = {237--240},
	numpages = {4},
	url = {http://doi.acm.org/10.1145/1864708.1864756},
	doi = {10.1145/1864708.1864756},
	acmid = {1864756},
	publisher = {ACM},
	address = {New York, NY, USA},
	keywords = {folksonomy, personalization, recommender systems, social tagging},
} 

@article{Kwon,
	title={Friend Recommendation Method using Physical and Social Context},
	author={Kwon, Joonhee and Kim, Sungrim},
	year={2010},
	publisher={Citeseer}
}

@ARTICLE{nextgen, 
	author={G. Adomavicius and A. Tuzhilin}, 
	journal={IEEE Transactions on Knowledge and Data Engineering}, 
	title={Toward the next generation of recommender systems: a survey of the state-of-the-art and possible extensions}, 
	year={2005}, 
	volume={17}, 
	number={6}, 
	pages={734-749}, 
	keywords={content-based retrieval;information filtering;collaborative filtering;content-based approach;contextual information;multicriteria rating estimation methods;recommender systems;Books;Business;Cognitive science;Collaboration;Collaborative work;Context modeling;Filtering;Hybrid power systems;Motion pictures;Recommender systems;Index Terms- Recommender systems;collaborative filtering;extensions to recommender systems.;rating estimation methods}, 
	doi={10.1109/TKDE.2005.99}, 
	ISSN={1041-4347}, 
	month={June},}

@Inbook{Suchal,
	author="Suchal, J{\'a}n
	and N{\'a}vrat, Pavol",
	editor="Bramer, Max",
	title="Full Text Search Engine as Scalable k-Nearest Neighbor Recommendation System",
	bookTitle="Artificial Intelligence in Theory and Practice III: Third IFIP TC 12 International Conference on Artificial Intelligence, IFIP AI 2010, Held as Part of WCC 2010, Brisbane, Australia, September 20-23, 2010. Proceedings",
	year="2010",
	publisher="Springer Berlin Heidelberg",
	address="Berlin, Heidelberg",
	pages="165--173",
	isbn="978-3-642-15286-3",
	doi="10.1007/978-3-642-15286-3_16",
	url="http://dx.doi.org/10.1007/978-3-642-15286-3_16"
}

@inproceedings{course,
	title={Course Recommendation by Improving BM25 to Identity Students' Different Levels of Interests in Courses},
	author={Wang, Xin and Yuan, Fang},
	booktitle={New Trends in Information and Service Science, 2009. NISS'09. International Conference on},
	pages={1372--1377},
	year={2009},
	organization={IEEE}
}

@ARTICLE{twitter,
	author = {{Nishioka}, C. and {Scherp}, A.},
	title = "{Profiling vs. Time vs. Content: What does Matter for Top-k Publication Recommendation based on Twitter Profiles? - An Extended Technical Report}",
	journal = {ArXiv e-prints},
	archivePrefix = "arXiv",
	eprint = {1603.07016},
	primaryClass = "cs.DL",
	keywords = {Computer Science - Digital Libraries, Computer Science - Information Retrieval},
	year = 2016,
	month = mar,
	adsurl = {http://adsabs.harvard.edu/abs/2016arXiv160307016N},
	adsnote = {Provided by the SAO/NASA Astrophysics Data System}
}

@inproceedings{Bellogin,
	author = {Bellog\'{\i}n, Alejandro and Cantador, Iv\'{a}n and Castells, Pablo},
	title = {A Study of Heterogeneity in Recommendations for a Social Music Service},
	booktitle = {Proceedings of the 1st International Workshop on Information Heterogeneity and Fusion in Recommender Systems},
	series = {HetRec '10},
	year = {2010},
	isbn = {978-1-4503-0407-8},
	location = {Barcelona, Spain},
	pages = {1--8},
	numpages = {8},
	url = {http://doi.acm.org/10.1145/1869446.1869447},
	doi = {10.1145/1869446.1869447},
	acmid = {1869447},
	publisher = {ACM},
	address = {New York, NY, USA},
	keywords = {collaborative tagging, folksonomy, implicit ratings, information heterogeneity, recommender systems, social contacts, web 2.0},
} 

@article{Esparza,
	title = "Mining the real-time web: A novel approach to product recommendation ",
	journal = "Knowledge-Based Systems ",
	volume = "29",
	number = "",
	pages = "3 - 11",
	year = "2012",
	note = "Artificial Intelligence 2010 ",
	issn = "0950-7051",
	doi = "http://dx.doi.org/10.1016/j.knosys.2011.07.007",
	url = "http://www.sciencedirect.com/science/article/pii/S095070511100147X",
	author = "Sandra Garcia Esparza and Michael P. Oâ€™Mahony and Barry Smyth",
	keywords = "Real-time web",
	keywords = "User-generated content",
	keywords = "Micro-blogging",
	keywords = "Recommender systems",
	keywords = "Information retrieval "
}

@inproceedings{Totti,
	author = {Totti, Luam C. and Mitra, Prasenjit and Ouzzani, Mourad and Zaki, Mohammed J.},
	title = {A Query-oriented Approach for Relevance in Citation Networks},
	booktitle = {Proceedings of the 25th International Conference Companion on World Wide Web},
	series = {WWW '16 Companion},
	year = {2016},
	isbn = {978-1-4503-4144-8},
	location = {Montr\&\#233;al, Qu\&\#233;bec, Canada},
	pages = {401--406},
	numpages = {6},
	url = {http://dx.doi.org/10.1145/2872518.2890518},
	doi = {10.1145/2872518.2890518},
	acmid = {2890518},
	publisher = {International World Wide Web Conferences Steering Committee},
	address = {Republic and Canton of Geneva, Switzerland},
	keywords = {citation network analysis, paper recommendation, relevance flow},
}

@article{PL2,
	author = {Amati, Gianni and Van Rijsbergen, Cornelis Joost},
	title = {Probabilistic Models of Information Retrieval Based on Measuring the Divergence from Randomness},
	journal = {ACM Trans. Inf. Syst.},
	issue_date = {October 2002},
	volume = {20},
	number = {4},
	month = oct,
	year = {2002},
	issn = {1046-8188},
	pages = {357--389},
	numpages = {33},
	url = {http://doi.acm.org/10.1145/582415.582416},
	doi = {10.1145/582415.582416},
	acmid = {582416},
	publisher = {ACM},
	address = {New York, NY, USA},
	keywords = {Aftereffect model, BM25, Bose--Einstein statistics, Laplace, Poisson, binomial law, document length normalization, eliteness, idf, information retrieval, probabilistic models, randomness, succession law, term frequency normalization, term weighting},
} 

@article{dirich,
	author = {Zhai, Chengxiang and Lafferty, John},
	title = {A Study of Smoothing Methods for Language Models Applied to Information Retrieval},
	journal = {ACM Trans. Inf. Syst.},
	issue_date = {April 2004},
	volume = {22},
	number = {2},
	month = apr,
	year = {2004},
	issn = {1046-8188},
	pages = {179--214},
	numpages = {36},
	url = {http://doi.acm.org/10.1145/984321.984322},
	doi = {10.1145/984321.984322},
	acmid = {984322},
	publisher = {ACM},
	address = {New York, NY, USA},
	keywords = {Dirichlet prior smoothing, EM algorithm, Jelinek--Mercer smoothing, Statistical language models, TF-IDF weighting, absolute discounting smoothing, backoff smoothing, interpolation smoothing, leave-one-out, risk minimization, term weighting, two-stage smoothing},
} 

@inproceedings{bm25,
	author = {Robertson, S. E. and Walker, S.},
	title = {Some Simple Effective Approximations to the 2-Poisson Model for Probabilistic Weighted Retrieval},
	booktitle = {Proceedings of the 17th Annual International ACM SIGIR Conference on Research and Development in Information Retrieval},
	series = {SIGIR '94},
	year = {1994},
	isbn = {0-387-19889-X},
	location = {Dublin, Ireland},
	pages = {232--241},
	numpages = {10},
	url = {http://dl.acm.org/citation.cfm?id=188490.188561},
	acmid = {188561},
	publisher = {Springer-Verlag New York, Inc.},
	address = {New York, NY, USA},
} 

@inproceedings{pl,
	author = {Singhal, Amit and Buckley, Chris and Mitra, Mandar},
	title = {Pivoted Document Length Normalization},
	booktitle = {Proceedings of the 19th Annual International ACM SIGIR Conference on Research and Development in Information Retrieval},
	series = {SIGIR '96},
	year = {1996},
	isbn = {0-89791-792-8},
	location = {Zurich, Switzerland},
	pages = {21--29},
	numpages = {9},
	url = {http://doi.acm.org/10.1145/243199.243206},
	doi = {10.1145/243199.243206},
	acmid = {243206},
	publisher = {ACM},
	address = {New York, NY, USA},
} 

@article{Fang,
	author = {Fang, Hui and Tao, Tao and Zhai, Chengxiang},
	title = {Diagnostic Evaluation of Information Retrieval Models},
	journal = {ACM Trans. Inf. Syst.},
	issue_date = {April 2011},
	volume = {29},
	number = {2},
	month = apr,
	year = {2011},
	issn = {1046-8188},
	pages = {7:1--7:42},
	articleno = {7},
	numpages = {42},
	url = {http://doi.acm.org/10.1145/1961209.1961210},
	doi = {10.1145/1961209.1961210},
	acmid = {1961210},
	publisher = {ACM},
	address = {New York, NY, USA},
	keywords = {Retrieval heuristics, TF-IDF weighting, constraints, diagnostic evaluation, formal models},
} 

@article{tfidf,
	author = {Wu, Ho Chung and Luk, Robert Wing Pong and Wong, Kam Fai and Kwok, Kui Lam},
	title = {Interpreting TF-IDF Term Weights As Making Relevance Decisions},
	journal = {ACM Trans. Inf. Syst.},
	issue_date = {June 2008},
	volume = {26},
	number = {3},
	month = jun,
	year = {2008},
	issn = {1046-8188},
	pages = {13:1--13:37},
	articleno = {13},
	numpages = {37},
	url = {http://doi.acm.org/10.1145/1361684.1361686},
	doi = {10.1145/1361684.1361686},
	acmid = {1361686},
	publisher = {ACM},
	address = {New York, NY, USA},
	keywords = {Information retrieval, relevance decision, term weight},
} 

@book{Manning:2008:IIR:1394399,
	author = {Manning, Christopher D. and Raghavan, Prabhakar and Sch\"{u}tze, Hinrich},
	title = {Introduction to Information Retrieval},
	year = {2008},
	isbn = {0521865719, 9780521865715},
	publisher = {Cambridge University Press},
	address = {New York, NY, USA},
} 

@article{massung2016meta,
	title={META: A Unified Toolkit for Text Retrieval and Analysis},
	author={Massung, Sean and Geigle, Chase and Zhai, ChengXiang},
	journal={ACL 2016},
	pages={91},
	year={2016}
}

@article{mitton1985birkbeck,
	title={Birkbeck spelling error corpus},
	author={Mitton, Roger},
	journal={Retrieved 2009 from http://ota. ahds. ac. uk},
	year={1985}
}

@article{kukich1992techniques,
	title={Techniques for automatically correcting words in text},
	author={Kukich, Karen},
	journal={ACM Computing Surveys (CSUR)},
	volume={24},
	number={4},
	pages={377--439},
	year={1992},
	publisher={ACM}
}


@article{atkinson_2016, 
	title={Spell Checking Oriented Word Lists}, author={Atkinson, Kevin}, 
	year={2016}, 
	journal={GNU Aspell}} 


@book{zhai2016text,
	title={Text Data Management and Analysis: A Practical Introduction to Information Retrieval and Text Mining},
	author={Zhai, ChengXiang and Massung, Sean},
	year={2016},
	publisher={Morgan \& Claypool}
}

@article{jarvelin2007s,
	title={s-grams: Defining generalized n-grams for information retrieval},
	author={J{\"a}rvelin, Anni and J{\"a}rvelin, Antti and J{\"a}rvelin, Kalervo},
	journal={Information Processing \& Management},
	volume={43},
	number={4},
	pages={1005--1019},
	year={2007},
	publisher={Elsevier}
}

@article{birch1999new,
	title={A new generalized logistic sigmoid growth equation compared with the Richards growth equation},
	author={Birch, Colin PD},
	journal={Annals of Botany},
	volume={83},
	number={6},
	pages={713--723},
	year={1999},
	publisher={Annals Botany Co}
}

@inproceedings{harding1997probabilistic,
	title={Probabilistic retrieval of ocr degraded text using n-grams},
	author={Harding, Stephen M and Croft, W Bruce and Weir, C},
	booktitle={International Conference on Theory and Practice of Digital Libraries},
	pages={345--359},
	year={1997},
	organization={Springer}
}

@article{damashek1995gauging,
	title={Gauging similarity with n-grams: Language-independent categorization of text},
	author={Damashek, Marc},
	journal={Science},
	volume={267},
	number={5199},
	pages={843},
	year={1995},
	publisher={The American Association for the Advancement of Science}
}

@inproceedings{islam2009real,
	title={Real-word spelling correction using Google Web IT 3-grams},
	author={Islam, Aminul and Inkpen, Diana},
	booktitle={Proceedings of the 2009 Conference on Empirical Methods in Natural Language Processing: Volume 3-Volume 3},
	pages={1241--1249},
	year={2009},
	organization={Association for Computational Linguistics}
}

@inproceedings{gao2010large,
	title={A large scale ranker-based system for search query spelling correction},
	author={Gao, Jianfeng and Li, Xiaolong and Micol, Daniel and Quirk, Chris and Sun, Xu},
	booktitle={Proceedings of the 23rd International Conference on Computational Linguistics},
	pages={358--366},
	year={2010},
	organization={Association for Computational Linguistics}
}

@book{nguyen2016multiple,
	title={Multiple Biological Sequence Alignment: Scoring Functions, Algorithms and Evaluation},
	author={Nguyen, Ken and Guo, Xuan and Pan, Yi},
	year={2016},
	publisher={John Wiley \& Sons}
}

@inproceedings{rama2015automatic,
	title={Automatic cognate identification with gap-weighted string subsequences},
	author={Rama, Taraka},
	booktitle={Proceedings of the 2015 Conference of the North American Chapter of the Association for Computational Linguistics: Human Language Technologies.},
	pages={1227--1231},
	year={2015}
}

@inproceedings{keskustalo2003non,
	title={Non-adjacent digrams improve matching of cross-lingual spelling variants},
	author={Keskustalo, Heikki and Pirkola, Ari and Visala, Kari and Lepp{\"a}nen, Erkka and J{\"a}rvelin, Kalervo},
	booktitle={International Symposium on String Processing and Information Retrieval},
	pages={252--265},
	year={2003},
	organization={Springer}
}

@article{huang2004rapid,
	title={Rapid and sensitive dot-matrix methods for genome analysis},
	author={Huang, Yue and Zhang, Ling},
	journal={Bioinformatics},
	volume={20},
	number={4},
	pages={460--466},
	year={2004},
	publisher={Oxford Univ Press}
}

@article{needleman1970general,
	title={A general method applicable to the search for similarities in the amino acid sequence of two proteins},
	author={Needleman, Saul B and Wunsch, Christian D},
	journal={Journal of molecular biology},
	volume={48},
	number={3},
	pages={443--453},
	year={1970},
	publisher={Elsevier}
}

@article{smith1981identification,
	title={Identification of common molecular subsequences},
	author={Smith, Temple F and Waterman, Michael S},
	journal={Journal of molecular biology},
	volume={147},
	number={1},
	pages={195--197},
	year={1981},
	publisher={Elsevier}
}

@article{pearson19905,
	title={[5] Rapid and sensitive sequence comparison with FASTP and FASTA},
	author={Pearson, William R},
	journal={Methods in enzymology},
	volume={183},
	pages={63--98},
	year={1990},
	publisher={Elsevier}
}

@article{kent2002blat,
	title={BLATâ€”the BLAST-like alignment tool},
	author={Kent, W James},
	journal={Genome research},
	volume={12},
	number={4},
	pages={656--664},
	year={2002},
	publisher={Cold Spring Harbor Lab}
}

@article{notredame2000t,
	title={T-Coffee: A novel method for fast and accurate multiple sequence alignment},
	author={Notredame, C{\'e}dric and Higgins, Desmond G and Heringa, Jaap},
	journal={Journal of molecular biology},
	volume={302},
	number={1},
	pages={205--217},
	year={2000},
	publisher={Elsevier}
}

@inproceedings{kondrak2006evaluation,
	title={Evaluation of several phonetic similarity algorithms on the task of cognate identification},
	author={Kondrak, Grzegorz and Sherif, Tarek},
	booktitle={Proceedings of the Workshop on Linguistic Distances},
	pages={43--50},
	year={2006},
	organization={Association for Computational Linguistics}
}

@inproceedings{inkpen2005automatic,
	title={Automatic identification of cognates and false friends in French and English},
	author={Inkpen, Diana and Frunza, Oana and Kondrak, Grzegorz},
	booktitle={Proceedings of the International Conference Recent Advances in Natural Language Processing},
	pages={251--257},
	year={2005}
}

@inproceedings{ciobanu2014building,
	title={Automatic Detection of Cognates Using Orthographic Alignment.},
	author={Ciobanu, Alina Maria and Dinu, Liviu P},
	booktitle={ACL (2)},
	pages={99--105},
	year={2014}
}

@article{norvig2007write,
	title={How to write a spelling corrector},
	author={Norvig, Peter},
	journal={De: http://norvig. com/spell-correct. html},
	year={2007}
}

@inproceedings{islam2009real,
	title={Real-word spelling correction using Google Web IT 3-grams},
	author={Islam, Aminul and Inkpen, Diana},
	booktitle={Proceedings of the 2009 Conference on Empirical Methods in Natural Language Processing: Volume 3-Volume 3},
	pages={1241--1249},
	year={2009},
	organization={Association for Computational Linguistics}
}

@inproceedings{pirinen2010finite,
	title={Finite-state spell-checking with weighted language and error models},
	author={Pirinen, Tommi and Lind{\'e}n, Krister and others},
	booktitle={Proceedings of LREC 2010 Workshop on creation and use of basic lexical resources for less-resourced languages},
	year={2010}
}

@article{DBLP:journals/corr/Agrawal17,
	author    = {Pranav},
	title     = {Exploration of Proximity Heuristics in Length Normalization},
	journal   = {CoRR},
	volume    = {abs/1701.01417},
	year      = {2017},
	url       = {http://arxiv.org/abs/1701.01417},
	timestamp = {Wed, 01 Feb 2017 17:47:56 +0100},
	biburl    = {http://dblp.uni-trier.de/rec/bib/journals/corr/Agrawal17},
	bibsource = {dblp computer science bibliography, http://dblp.org}
}

@article{wikipedia2017, 
	title={Commonly misspelled English words}, author={Wikipedia},
	journal={Wikipedia}, publisher={Wikimedia Foundation}, year={2017}, month={Apr}}

@inproceedings{tao2007exploration,
	title={An exploration of proximity measures in information retrieval},
	author={Tao, Tao and Zhai, ChengXiang},
	booktitle={Proceedings of the 30th annual international ACM SIGIR conference on Research and development in information retrieval},
	pages={295--302},
	year={2007},
	organization={ACM}
}